@inproceedings{cha,
       author =      {Samarjit Chakraborty, Simon Künzli and Lothar Thiele},
       title  =      {A General Framework for Analysing System Properties in Platform-Based Embedded System Designs},
       booktitle =   {Design, Automation and Test in Europe Conference and Exhibition},
       year   =      {2003},
       pages  =      {190-195}
}

@inproceedings{pha,
       author =      {Linh T.X. Phan, Samarjit Chakraborty and P.S. Thiagarajan},
       title  =      {A Multi-mode Real-Time Calculus}, 
       booktitle =   {Real-Time Systems Symposium}, 
       year   =      {2008},
       pages  =      {59-69}
}

@inproceedings{wan:05,
       author =      {Ernesto Wandeler and Lothar Thiele},
       title  =      {Abstracting Functionality for Modular Performance Analysis of Hard Real-Time Systems},
       booktitle =   {Proceedings of the 2005 Asia and South Pacific Design Automation Conference},
       year   =      {2005},
       publisher =   {Association for Computing Machinery},
       series =      {ASP-DAC '05},
       pages  =      {697–702}
}

@inproceedings{moy,
       author =      {Matthieu Moy and Karine Altisen},
       title  =      {Arrival Curves for Real-Time Calculus: The Causality Problem and Its Solutions},
       booktitle =   {Tools and Algorithms for the Construction and Analysis of Systems},
       year   =      {2010},
       pages  =      {358-372}
}

@phdthesis{wan:06,
       author =      {Ernesto Wandeler},
       title  =      {Modular Performance Analysis and Interface Based Design for Embedded Real Time Systems},
       school =      {Swiss Federal Institute of Technology Zürich},
       year   =      {2006},
       pages  =      {13-44}
}

@inproceedings{thi:07,
       author =      {Lothar Thiele},
       title  =      {Performance Analysis of Distributed Embedded Systems},
       year   =      {2007},
       publisher =   {Association for Computing Machinery},
       booktitle =   {Proceedings of the 7th ACM \& IEEE International Conference on Embedded Software},
       pages =       {7-9}
}

@inproceedings{ver,
       author =      {Ernesto Wandeler, Lothar Thiele, Marcel Verhoef and Paul Lieverse},
       title  =      {System architecture evaluation using modular performance analysis: A case study},
       booktitle =   {International Journal on Software Tools for Technology Transfer},
       year   =      {2006},
       pages  =      {649-667},
       volume =      {8}
}

@inbook{mar, 
       author =      {Peter Marwedel}, 
       title  =      {Embedded System Design},
       year   =      {2011}, 
       publisher =   {Springer Dodrecht Heidelberg London New York},
       note   =      {2nd Edition},
       pages =       {213-217}
}

@inbook{bou, 
       author =      {Jean-Yves Le Boudec and Patrick Thiran}, 
       title  =      {Network Calculus - A Theory of Deterministic Queuing Systems for the Internet},
       year   =      {2001}, 
       publisher =   {Springer},
       journal =     {Lecture Notes in Computer Science},
       volume =      {2050},
       pages =       {125-156}
}


@inproceedings{cho:08,
       title  =      {Modeling Fixed Priority Non-Preemptive Scheduling with Real-Time Calculus}, 
       author =      {Devesh B. Chokshi and Purandar Bhaduri},
       booktitle =   {2008 14th IEEE International Conference on Embedded and Real-Time Computing Systems and Applications}, 
       year   =      {2008},
       pages  =      {387-392}
}

@inproceedings{cho:10,
       title  =      {Performance Analysis of FlexRay-Based Systems Using Real-Time Calculus, Revisited},
       author =      {Devesh B. Chokshi and Purandar Bhaduri},
       booktitle =   {Proceedings of the 2010 ACM Symposium on Applied Computing},
       year   =      {2010},
       publisher =   {Association for Computing Machinery},
       address =     {New York, NY, USA},
       series =      {SAC '10},
       pages  =      {351–356}
}

@proceedings{sof:12/2,
       title  =      {Non Preemptive Static Priority in Network Calculus: Accuracy and Integration with P-GPS},
       author =      {William Mangoua Sofack and Marc Boyer},
       year   =      {2012},
       pages  =      {1-4}
}

@inproceedings{sof:12/1,
       title  =      {Non Preemptive Static Priority with Network Calculus: Enhancement},
       author =      {William Mangoua Sofack and Marc Boyer},
       booktitle =   {Measurement, Modelling, and Evaluation of Computing Systems and Dependability and Fault Tolerance},
       year   =      {2012},
       publisher =   {Springer, Berlin, Heidelberg},
       pages  =      {258-272}
}

@article{wan:12,
       author =      {Ernesto Wandeler, Alexander Maxiaguine and Lothar Thiele},
       title  =      {On the Use of Greedy Shapers in Real-Time Embedded Systems},
       year   =      {2012},
       month  =      apr,
       journal =     {ACM Trans. Embed. Comput. Syst.},
       publisher =   {Association for Computing Machinery},
       address =     {New York, NY, USA},
       articleno =   {1},
       pages =       {4-8}
}

@inproceedings{thi:00,
       author =      {Lothar Thiele, Samarjit Chakraborty and Martin Naedele},
       title  =      {Real-time calculus for scheduling hard real-time systems},
       booktitle =   {2000 IEEE International Symposium on Circuits and Systems (ISCAS)},
       year   =      {2000},
       volume =      {4},
       pages  =      {101-104}
}

@inproceedings{hoo,
       author =      {Marcel Verhoef and Jozef Hooman},
       title  =      {Evaluating embedded system architectures},
       booktitle =   {Boderc: Model-based design of high-tech systems},
       year   =      {2007},
       pages  =      {151-159}
}

@inproceedings{slo,
       author =      {Frank Slomka and Mohammadreza Sadeghi},
       title  =      {Beyond the limitations of real-time scheduling theory: a unified scheduling theory for the analysis of real-time systems},
       booktitle =   {SICS Software-Intensive Cyber-Physical Systems},
       volume =      {35},
       year   =      {2021},
       pages  =      {201-236}
}

@article{cru,
  author={Rene L. Cruz},
  journal={IEEE Transactions on Information Theory}, 
  title={A calculus for network delay. I. Network elements in isolation}, 
  year={1991},
  volume={37},
  number={1},
  pages={114-131}
}
